<?xml version="1.0" encoding="UTF-8"?><record xmlns="http://www.loc.gov/MARC21/slim" xmlns:cinclude="http://apache.org/cocoon/include/1.0" xmlns:zs="http://www.loc.gov/zing/srw/">
  <leader>00511cz  a2200133n  4500</leader>
  <controlfield tag="001">n  79069889 </controlfield>
  <controlfield tag="003">DLC</controlfield>
  <controlfield tag="005">19840509164724.3</controlfield>
  <controlfield tag="008">790813n| acannaab|          |n aaa |||  </controlfield>
  <datafield tag="010" ind1=" " ind2=" ">
    <subfield code="a">n  79069889 </subfield>
  </datafield>
  <datafield tag="040" ind1=" " ind2=" ">
    <subfield code="a">DLC</subfield>
    <subfield code="c">DLC</subfield>
    <subfield code="d">DLC</subfield>
  </datafield>
  <datafield tag="100" ind1="1" ind2="0">
    <subfield code="a">Clifford, Richard J.</subfield>
  </datafield>
  <datafield tag="670" ind1=" " ind2=" ">
    <subfield code="a">His The cosmic mountain in Canaan and the Old Testament, 1972.</subfield>
  </datafield>
  <datafield tag="670" ind1=" " ind2=" ">
    <subfield code="a">His Fair spoken and persuading, c1984:</subfield>
    <subfield code="b">t.p. (Richard J. Clifford) p. 4 of cover (b. 1934; Ph. D. (Old Testament), Harvard; dean and prof. of O.T., Weston Sch. of Theol.)</subfield>
  </datafield>
</record>